@misc{guardian:2017,
  author       = {Tom Phillips},
  publisher    = {The Guardian},
  howpublished = {internet},
  title        = {China orders GPS tracking of every car in troubled region},
  year         = {2017}
}